<record><leader>00000cas a22000007a 4500</leader><controlfield tag="001">16058432</controlfield><controlfield tag="008">870623d19781979inuwr ne      0    0eng d</controlfield><datafield ind1=" " ind2=" " tag="010"><subfield code="a">sn 87056129 </subfield></datafield><datafield ind1=" " ind2=" " tag="040"><subfield code="a">NPI</subfield><subfield code="b">eng</subfield><subfield code="c">NPI</subfield><subfield code="d">OCLCQ</subfield></datafield><datafield ind1=" " ind2=" " tag="042"><subfield code="a">msc</subfield></datafield><datafield ind1="0" ind2="0" tag="245"><subfield code="a">Chapel Hill-Brownsburg suburban press.</subfield></datafield><datafield ind1=" " ind2=" " tag="260"><subfield code="a">Indianapolis, Ind. :</subfield><subfield code="b">Suburban Press</subfield></datafield><datafield ind1=" " ind2=" " tag="310"><subfield code="a">Weekly</subfield></datafield><datafield ind1=" " ind2=" " tag="580"><subfield code="a">Merger of: Chapel Hill press; and: Brownsburg press, and continues the numbering of the former title.</subfield></datafield><datafield ind1=" " ind2=" " tag="588"><subfield code="a">Description based on: 6th year, no. 49 (Dec. 6, 1978).</subfield></datafield><datafield ind1=" " ind2=" " tag="752"><subfield code="a">United States</subfield><subfield code="b">Indiana</subfield><subfield code="c">Marion</subfield><subfield code="d">Indianapolis.</subfield></datafield><datafield ind1=" " ind2=" " tag="752"><subfield code="a">United States</subfield><subfield code="b">Indiana</subfield><subfield code="c">Hendricks</subfield><subfield code="d">Brownsburg.</subfield></datafield><datafield ind1="1" ind2="4" tag="780"><subfield code="t">Chapel Hill press</subfield><subfield code="w">(DLC)sn 87056128</subfield></datafield><datafield ind1="1" ind2="4" tag="780"><subfield code="t">Brownsburg press</subfield><subfield code="w">(DLC)sn 86058903</subfield></datafield><datafield ind1="0" ind2="7" tag="785"><subfield code="t">Speedway-Westside suburban press</subfield><subfield code="w">(DLC)sn 87056131</subfield></datafield><datafield ind1="0" ind2="7" tag="785"><subfield code="t">Speedway suburban press</subfield><subfield code="w">(DLC)sn 87056121</subfield></datafield></record>